
@article{Bar_Natan_2016,
    title={Finite-type invariants of w-knotted objects, I: w-knots and the Alexander polynomial},
    volume={16},
    ISSN={1472-2747},
    url={http://dx.doi.org/10.2140/agt.2016.16.1063},
    DOI={10.2140/agt.2016.16.1063},
    number={2},
    journal={Algebraic \& amp; Geometric Topology},
    publisher={Mathematical Sciences Publishers},
    author={Bar-Natan, Dror and Dancso, Zsuzsanna},
    year={2016},
    month=apr, 
    pages={1063â€“1133}
}

@misc{spivak2013categorytheoryscientistsold,
      title={Category theory for scientists (Old version)}, 
      author={David I. Spivak},
      year={2013},
      eprint={1302.6946},
      archivePrefix={arXiv},
      primaryClass={math.CT},
      url={https://arxiv.org/abs/1302.6946}, 
}

@misc{merkulov2021grothendieckteichmuellergroupoperadsgraph,
      title={Grothendieck-Teichmueller group, operads and graph complexes: a survey}, 
      author={Sergei Merkulov},
      year={2021},
      eprint={1904.13097},
      archivePrefix={arXiv},
      primaryClass={math.QA},
      url={https://arxiv.org/abs/1904.13097}, 
}
